



@article{ KSSz2018,
<<<<<<< a4e15efe44d6fc323794ab188e4d9b4bd7032a34
  author =           {Korchm{\a'a}ros, G. and Siciliano, A. and Sz{\H o}nyi, T.},
  title =            {Embedding of classical polar unitals in {${\rm PG}(2,q^2)$}},
=======
  author =           {Korchm{\a'a}ros, G. and Siciliano, A. and Sz{\H o}nyi,
                      T.},
  title =            {Embedding   of   classical  polar  unitals  in  {${\rm
                      PG}(2,q^2)$}},
>>>>>>> Release version 0.4
  journal =          {J. Combin. Theory Ser. A},
  volume =           {153},
  year =             {2018},
  pages =            {67--75},
  fjournal =         {Journal of Combinatorial Theory. Series A},
  issn =             {0097-3165},
  mrclass =          {51E05 (51E20)},
  mrnumber =         {3692296},
  url =              {https://doi.org/10.1016/j.jcta.2017.08.002},
  printedkey =       {KSS18}
}
@book{ BarwickEbert2008,
  author =           {Barwick, S. and Ebert, G.},
  title =            {Unitals in projective planes},
  publisher =        {Springer, New York},
  series =           {Springer Monographs in Mathematics},
  year =             {2008},
  pages =            {xii+193},
  isbn =             {978-0-387-76364-4},
  mrclass =          {51-02 (51E15)},
  mrnumber =         {2440325},
  printedkey =       {BE08}
}
@article{ BBT2003,
  author =           {Betten, A. and Betten, D. and Tonchev, V. D.},
  title =            {Unitals and codes},
  journal =          {Discrete Math.},
  volume =           {267},
  number =           {1-3},
  year =             {2003},
  pages =            {23--33},
  note =             {Combinatorics 2000 (Gaeta)},
  fjournal =         {Discrete Mathematics},
  issn =             {0012-365X},
  mrclass =          {05B05 (05-04 51E22 94B05)},
  mrnumber =         {1991559},
  mrreviewer =       {Chester J. Salwach},
  url =              {http://www.sciencedirect.com/science?{\textunderscore}ob=GatewayURL\&{\textunderscore}origin=MR\&{\textunderscore}method=citationSearch\&{\textunderscore}piikey=s0012365x02006003\&{\textunderscore}version=1\&md5=7568bde599d4256738343c23f9aeceb9},
  printedkey =       {BBT03}
}
@book{ HirschfeldPG,
  author =           {Hirschfeld, J. W. P.},
  title =            {Projective geometries over finite fields},
  publisher =        {The Clarendon Press, Oxford University Press, New York},
  edition =          {Second},
  series =           {Oxford Mathematical Monographs},
  year =             {1998},
  pages =            {xiv+555},
  isbn =             {0-19-850295-8},
  mrclass =          {51E15 (05B25 51A30)},
  mrnumber =         {1612570},
  mrreviewer =       {T. G. Ostrom},
  printedkey =       {Hir98}
}
@article{ KNP2011,
<<<<<<< a4e15efe44d6fc323794ab188e4d9b4bd7032a34
  author =           {Kr{\v c}adinac, V. and Naki{\a'c}, A. and Pav{\v c}evi{\a'c}, M. O.},
  title =            {The {K}ramer-{M}esner method with tactical decompositions: some new unitals on 65 points},
=======
  author =           {Kr{\v  c}adinac,  V.  and  Naki{\a'c},  A.  and Pav{\v
                      c}evi{\a'c}, M. O.},
  title =            {The    {K}ramer-{M}esner    method    with    tactical
                      decompositions: some new unitals on 65 points},
>>>>>>> Release version 0.4
  journal =          {J. Combin. Des.},
  volume =           {19},
  number =           {4},
  year =             {2011},
  pages =            {290--303},
  fjournal =         {Journal of Combinatorial Designs},
  issn =             {1063-8539},
  mrclass =          {05B05 (51E20)},
  mrnumber =         {2838908},
  mrreviewer =       {Dieter Jungnickel},
  url =              {https://doi.org/10.1002/jcd.20277},
  printedkey =       {KNP11}
}
@article{ Krc2006,
  author =           {Kr{\v c}adinac, V.},
  title =            {Some new {S}teiner 2-designs {$S(2,4,37)$}},
  journal =          {Ars Combin.},
  volume =           {78},
  year =             {2006},
  pages =            {127--135},
  fjournal =         {Ars Combinatoria},
  issn =             {0381-7032},
  mrclass =          {05B05},
  mrnumber =         {2194756},
  printedkey =       {Kr{\v c}06}
}
@manual{ GAP4,
<<<<<<< a4e15efe44d6fc323794ab188e4d9b4bd7032a34
  title =            {{GAP -- Groups, Algorithms, and Programming, Version 4.8.8}},
=======
  title =            {{GAP  --  Groups, Algorithms, and Programming, Version
                      4.8.8}},
>>>>>>> Release version 0.4
  organization =     {The GAP\texttt{\symbol{126}}Group},
  year =             {2017},
  key =              {GAP},
  url =              {\texttt{\symbol{92}}verb+(https://www.gap-system.org)+}
}
@article{ BagchiBagchi1989,
  author =           {Bagchi, S. and Bagchi, B.},
<<<<<<< a4e15efe44d6fc323794ab188e4d9b4bd7032a34
  title =            {Designs from pairs of finite fields. {I}. {A} cyclic unital {$U(6)$} and other regular {S}teiner {$2$}-designs},
=======
  title =            {Designs  from  pairs of finite fields. {I}. {A} cyclic
                      unital    {$U(6)$}   and   other   regular   {S}teiner
                      {$2$}-designs},
>>>>>>> Release version 0.4
  journal =          {J. Combin. Theory Ser. A},
  volume =           {52},
  number =           {1},
  year =             {1989},
  pages =            {51--61},
  fjournal =         {Journal of Combinatorial Theory. Series A},
  issn =             {0097-3165},
  mrclass =          {05B05},
  mrnumber =         {1008159},
  mrreviewer =       {Chris Rodger},
  url =              {https://doi.org/10.1016/0097-3165(89)90061-7},
  printedkey =       {BB89}
}
